@preamble{"\newcommand{\Gathen}{\relax}"}
@string{Gathen = "\Gathen{von zur Gathen}, J."}

@article {Lenstra,
    AUTHOR = {Lenstra, Jr., H. W.},
     TITLE = {Rational functions invariant under a finite abelian group},
   JOURNAL = {Invent. Math.},
  FJOURNAL = {Inventiones Mathematicae},
    VOLUME = {25},
      YEAR = {1974},
     PAGES = {299--325},
      ISSN = {0020-9910},
   MRCLASS = {12F10 (12A35)},
  MRNUMBER = {0347788 (50 \#289)},
MRREVIEWER = {P. M. Cohn},
}

@article {LenstraNormal,
    AUTHOR = {Lenstra, Jr., H. W.},
     TITLE = {Finding isomorphisms between finite fields},
   JOURNAL = {Math. Comp.},
  FJOURNAL = {Mathematics of Computation},
    VOLUME = {56},
      YEAR = {1991},
    NUMBER = {193},
     PAGES = {329--347},
      ISSN = {0025-5718},
   MRCLASS = {11T30 (11Y16)},
  MRNUMBER = {1052099},
MRREVIEWER = {Philip A. Leonard},
       DOI = {10.2307/2008545},
       URL = {https://doi.org/10.2307/2008545},
}


@article {Jam18,
    AUTHOR = {A. Jamshidpey and N. Lemire and {\'E.} Schost},
     TITLE = {Algebraic Construction of Quasi-split Algebraic Tori},
   JOURNAL = {ArXiv:},
  FJOURNAL = {ArXiv},
    VOLUME = {1801.09629},
      YEAR = {2018},
}

@inproceedings{LeGall,
 author = {{Le Gall}, F. and Urrutia, F.},
 title = {Improved rectangular matrix multiplication using powers of the {C}oppersmith-{W}inograd tensor},
 booktitle = {SODA '18},
 year = {2018},
 pages = {1029--1046},
 publisher = {SIAM},
 address = "New Orleans, USA"
}

@inproceedings{LeGall14,
 author = {Le Gall, Fran\c{c}ois},
 title = {Powers of Tensors and Fast Matrix Multiplication},
 booktitle = {ISSAC'14},
 year = {2014},
 pages = {296--303},
 publisher = {ACM},
 address = "Kobe, Japan"
} 



@book{Zippel,
   title =     {Effective polynomial computation},
   author =    {R  E Zippel },
   publisher = {Kluwer},
   isbn =      {0792393759,9780792393757},
   year =      {1993},
   series =    {Kluwer international series in engineering and computer science, 241},
   edition =   {},
   volume =    {},
}


@incollection {Parker,
    AUTHOR = {Parker, R. A.},
     TITLE = {The computer calculation of modular characters (the meat-axe)},
 BOOKTITLE = {Computational group theory ({D}urham, 1982)},
     PAGES = {267--274},
 PUBLISHER = {Academic Press, London},
      YEAR = {1984},
   MRCLASS = {20C20 (20-04)},
  MRNUMBER = {760660},
MRREVIEWER = {Leo J. Alex},
}

@article {NoetherNormalBasis,
    AUTHOR = {Noether, Emmy},
     TITLE = {Normalbasis bei {K}\"orpern ohne h\"ohere {V}erzweigung},
   JOURNAL = {J. Reine Angew. Math.},
  FJOURNAL = {Journal f\"ur die Reine und Angewandte Mathematik. [Crelle's
              Journal]},
    VOLUME = {167},
      YEAR = {1932},
     PAGES = {147--152},
      ISSN = {0075-4102},
   MRCLASS = {DML},
  MRNUMBER = {1581331},
       DOI = {10.1515/crll.1932.167.147},
       URL = {http://dx.doi.org/10.1515/crll.1932.167.147},
}
	

@article {LenstraInfiniteGalois,
    AUTHOR = {Lenstra, Jr., H. W.},
     TITLE = {A normal basis theorem for infinite {G}alois extensions},
   JOURNAL = {Nederl. Akad. Wetensch. Indag. Math.},
  FJOURNAL = {Koninklijke Nederlandse Akademie van Wetenschappen.
              Indagationes Mathematicae},
    VOLUME = {47},
      YEAR = {1985},
    NUMBER = {2},
     PAGES = {221--228},
      ISSN = {0019-3577},
   MRCLASS = {12F10 (16A24)},
  MRNUMBER = {799082},
MRREVIEWER = {Lindsay N. Childs},
}
	
@article {LenstraPrimitive,
    AUTHOR = {Lenstra, Jr., H. W. and Schoof, R. J.},
     TITLE = {Primitive normal bases for finite fields},
   JOURNAL = {Math. Comp.},
  FJOURNAL = {Mathematics of Computation},
    VOLUME = {48},
      YEAR = {1987},
    NUMBER = {177},
     PAGES = {217--231},
      ISSN = {0025-5718},
   MRCLASS = {11T30 (12E20)},
  MRNUMBER = {866111},
MRREVIEWER = {Jacques Wolfmann},
       DOI = {10.2307/2007886},
       URL = {http://dx.doi.org/10.2307/2007886},
}

@article {Girstmair,
    AUTHOR = {Girstmair, Kurt},
     TITLE = {An algorithm for the construction of a normal basis},
   JOURNAL = {J. Number Theory},
  FJOURNAL = {Journal of Number Theory},
    VOLUME = {78},
      YEAR = {1999},
    NUMBER = {1},
     PAGES = {36--45},
      ISSN = {0022-314X},
   MRCLASS = {12F10 (12Y05)},
  MRNUMBER = {1706933},
MRREVIEWER = {M. E. Keating},
       DOI = {10.1006/jnth.1999.2388},
       URL = {http://dx.doi.org/10.1006/jnth.1999.2388},
}

@article {GatGie90,
    AUTHOR = Gathen # " and M. Giesbrecht",
     TITLE = {Constructing normal bases in finite fields},
   JOURNAL = {J. Symbolic Comput.},
  FJOURNAL = {Journal of Symbolic Computation},
    VOLUME = {10},
      YEAR = {1990},
    NUMBER = {6},
     PAGES = {547--570},
      ISSN = {0747-7171},
   MRCLASS = {11T30 (11Y16 68Q40)},
  MRNUMBER = {1087979},
MRREVIEWER = {Ren\~A\copyright{} Schoof},
       DOI = {10.1016/S0747-7171(08)80158-7},
       URL = {http://dx.doi.org/10.1016/S0747-7171(08)80158-7},
}

@article {Pol94,
    AUTHOR = {Poli, A.},
     TITLE = {A deterministic construction for normal bases of abelian
              extensions},
   JOURNAL = {Comm. Algebra},
  FJOURNAL = {Communications in Algebra},
    VOLUME = {22},
      YEAR = {1994},
    NUMBER = {12},
     PAGES = {4751--4757},
      ISSN = {0092-7872},
   MRCLASS = {12F10},
  MRNUMBER = {1285704},
MRREVIEWER = {Jean Cougnard},
       DOI = {10.1080/00927879408825099},
       URL = {http://dx.doi.org/10.1080/00927879408825099},
}



@book {Goss,
    AUTHOR = {Goss, David},
     TITLE = {Basic structures of function field arithmetic},
    SERIES = {Ergebnisse der Mathematik und ihrer Grenzgebiete (3) [Results
              in Mathematics and Related Areas (3)]},
    VOLUME = {35},
 PUBLISHER = {Springer-Verlag, Berlin},
      YEAR = {1996},
     PAGES = {xiv+422},
      ISBN = {3-540-61087-1},
   MRCLASS = {11G09 (11L05 11R58)},
  MRNUMBER = {1423131},
MRREVIEWER = {Jeremy T. Teitelbaum},
       DOI = {10.1007/978-3-642-61480-4},
       URL = {http://dx.doi.org/10.1007/978-3-642-61480-4},
}



@book {Lang,
    AUTHOR = {Lang, Serge},
     TITLE = {Algebra},
    SERIES = {Graduate Texts in Mathematics},
    VOLUME = {211},
   EDITION = {third},
 PUBLISHER = {Springer-Verlag, New York},
      YEAR = {2002},
     PAGES = {xvi+914},
      ISBN = {0-387-95385-X},
   MRCLASS = {00A05 (15-02)},
  MRNUMBER = {1878556},
       DOI = {10.1007/978-1-4613-0041-0},
       URL = {http://dx.doi.org/10.1007/978-1-4613-0041-0},
}

@article {LenstraDet,
    AUTHOR = {Lenstra, Jr., H. W.},
     TITLE = {Finding isomorphisms between finite fields},
   JOURNAL = {Math. Comp.},
  FJOURNAL = {Mathematics of Computation},
    VOLUME = {56},
      YEAR = {1991},
    NUMBER = {193},
     PAGES = {329--347},
      ISSN = {0025-5718},
   MRCLASS = {11T30 (11Y16)},
  MRNUMBER = {1052099},
MRREVIEWER = {Philip A. Leonard},
       DOI = {10.2307/2008545},
       URL = {https://doi.org/10.2307/2008545},
}

@article {KalSho98,
    AUTHOR = {Kaltofen, E. and Shoup, V.},
     TITLE = {Subquadratic-time factoring of polynomials over finite fields},
   JOURNAL = {Math. Comp.},
  FJOURNAL = {Mathematics of Computation},
    VOLUME = {67},
      YEAR = {1998},
    NUMBER = {223},
     PAGES = {1179--1197},
      ISSN = {0025-5718},
   MRCLASS = {68Q40 (11Y16 13P05)},
  MRNUMBER = {1459389},
       DOI = {10.1090/S0025-5718-98-00944-2},
       URL = {https://doi.org/10.1090/S0025-5718-98-00944-2},
}

@book {GatGer13,
    AUTHOR = Gathen # " and J. Gerhard",
     TITLE = {Modern computer algebra},
   EDITION = {Third},
 PUBLISHER = {Cambridge University Press, Cambridge},
      YEAR = {2013},
     PAGES = {xiv+795},
      ISBN = {978-1-107-03903-2},
   MRCLASS = {68W30 (11Y05 11Y11 13Pxx)},
  MRNUMBER = {3087522},
       DOI = {10.1017/CBO9781139856065},
       URL = {https://doi.org/10.1017/CBO9781139856065},
}

@book{vzGathen13,
  author    = Gathen # " and J. Gerhard",
  title     = {Modern Computer Algebra (third edition)},
  publisher = {Cambridge University Press},
  year      = {2013},
  isbn      = {9781107039032},
  doiOPT = "10.1017/CBO9781139856065",
  address	= "Cambridge, U.K."

}

@article {Decomposition,
    AUTHOR = {Giraldo Vergara, Carmen Rosa and Brochero Mart\'inez, Fabio
              Enrique},
     TITLE = {Wedderburn decomposition of some special rational group
              algebras},
   JOURNAL = {Lect. Mat.},
  FJOURNAL = {Lecturas Matem\'aticas},
    VOLUME = {23},
      YEAR = {2002},
    NUMBER = {2},
     PAGES = {99--106},
      ISSN = {0120-1980},
   MRCLASS = {16S34 (20C05)},
  MRNUMBER = {2346857},
MRREVIEWER = {Ralph W. Wilkerson},
}

@book {Johnson,
    AUTHOR = {Johnson, D. L.},
     TITLE = {Presentations of groups},
      NOTE = {London Mathematical Society Lecture Notes Series, No. 22},
 PUBLISHER = {Cambridge University Press, Cambridge-New York-Melbourne},
      YEAR = {1976},
     PAGES = {v+204},
   MRCLASS = {20F05},
  MRNUMBER = {0396763},
MRREVIEWER = {Thaddeus C. Hurley},
}

@book {Curtis,
    AUTHOR = {C. Curtis and I. Reiner},
     TITLE = {Representation theory of finite groups and associative
              algebras},
    SERIES = {Wiley Classics Library},
      NOTE = {Reprint of the 1962 original,
              A Wiley-Interscience Publication},
 PUBLISHER = {John Wiley \& Sons, Inc., New York},
      YEAR = {1988},
   ADDRESS = {New York},
     PAGES = {xiv+689},
      ISBN = {0-471-60845-9},
   MRCLASS = {16-02 (11R33 16A64 20-02 20Cxx)},
  MRNUMBER = {1013113},
}

@article {SchSte93,
    AUTHOR = {Schlickewei, H. and Stepanov, S.},
     TITLE = {Algorithms to construct normal bases of cyclic number fields},
   JOURNAL = {J. Number Theory},
  FJOURNAL = {Journal of Number Theory},
    VOLUME = 44,
      YEAR = 1993,
    NUMBER = 1,
     PAGES = {30--40},
      ISSN = {0022-314X},
   MRCLASS = {11R04 (11R20)},
  MRNUMBER = 1219483,
MRREVIEWER = {Jean Cougnard},
       DOI = {10.1006/jnth.1993.1031},
       URL = {https://doi.org/10.1006/jnth.1993.1031},
}

@article {Shoup,
    AUTHOR = "V. Shoup",
     TITLE = {A new polynomial factorization algorithm and its
              implementation},
   JOURNAL = {J. Symbolic Comput.},
  FJOURNAL = {Journal of Symbolic Computation},
    VOLUME = {20},
      YEAR = {1995},
    NUMBER = {4},
     PAGES = {363--397},
      ISSN = {0747-7171},
   MRCLASS = {12Y05 (13P05 68Q40)},
  MRNUMBER = {1384454},
MRREVIEWER = {Alessandro Logar},
       DOI = {10.1006/jsco.1995.1055},
       URL = {https://doi.org/10.1006/jsco.1995.1055},
}

@article {Kida,
    AUTHOR = {Kida, Masanari},
     TITLE = {On metacyclic extensions},
   JOURNAL = {J. Th\'{e}or. Nombres Bordeaux},
  FJOURNAL = {Journal de Th\'{e}orie des Nombres de Bordeaux},
    VOLUME = {24},
      YEAR = {2012},
    NUMBER = {2},
     PAGES = {339--353},
      ISSN = {1246-7405},
   MRCLASS = {11R20},
  MRNUMBER = {2950695},
MRREVIEWER = {James Edgar Carter},
       URL = {http://jtnb.cedram.org/item?id=JTNB_2012__24_2_339_0},
}


@Article{BoFlSaSc06,
  author = {A. Bostan and P. Flajolet and B. Salvy and {\'E}. Schost},
  title = {Fast computation of special resultants},
  journal = {J. Symbolic Comput.},
  volume = 41,
  number = 1,
  pages = {1-29},
  year = {2006}
}

@Book{		  BacSha96,
  author	= "E. Bach and J. Shallit",
  title		= "Algorithmic Number Theory, Volume 1: Efficient Algorithms",
  publisher	= "MIT Press",
  address	= "Cambridge, MA",
  year		= 1996
}

@Article{LiMoSc09,
author = 	 {Li, X. and {Moreno Maza}, M. and Schost, {\'E}.},
title = 	 {Fast Arithmetic for triangular sets: from theory to practice},
journal =	 {J. Symb. Comp.},
year = 2009,
volume=44,
number=7,
pages={891--907},
}

@InProceedings{DaMMMScXi06,
 author =       {X.~{Dahan} and M.~{{Moreno Maza}} and {\'E}.~{Schost} and Y.~{Xie}},
 title =        {On the complexity of the {{D5}} principle},
 booktitle =    {Proc. of {\em Transgressive Computing 2006}},
 year =         2006,
 address =      {Granada, Spain}
}

@Book{		  Wae70,
  author	= "B. L. van der Waerden",
  title		= "Algebra",
  publisher	= "Frederick Ungar Publishing Co.",
  address	= "New York",
  volume	= 1,
  edition	= "{7th}",
  year		= 1970
}

@inproceedings{AugCam94,
  title="A deterministic algorithm for computing a normal basis in a finite field",
  author="D. Augot and P. Camion",
  year=1994,
  editor = "P. Charpin",
  booktitle = "Proc. EUROCODE'94",
  address = "Abbaye de la Bussi\`ere sur Ouche, France",
}

@article{GaGaPaSh00,
  year  = {2000},
  volume = {29},
  number = {6},
  pages = {879--889},
  author = "S. Gao and " # Gathen # " and D. Panario and V. Shoup",
  title = {Algorithms for Exponentiation in Finite Fields},
  journal = {Journal of Symbolic Computation}
}

@article{KeUm11,
        Author = {Kedlaya, Kiran S. and Umans, Christopher},
        Journal = {SICOMP},
        Number = {6},
        Pages = {1767-1802},
        Title = {Fast Polynomial Factorization and Modular Composition},
        Volume = {40},
        Year = {2011}
}

@Article{ScSt71,
  author =       {Sch\"onhage, A.  and Strassen, V.},
  title =        {{S}chnelle {M}ultiplikation gro\ss er {Z}ahlen},
  journal =      {Computing},
  year =         1971,
  volume =       7,
  pages =        {281--292}
}

@article{LoRo83,
  year  = {1983},
  volume = {23},
  number = {2},
  pages = {171--185},
  author = {Grazia Lotti and Francesco Romani},
  title = {On the asymptotic complexity of rectangular matrix multiplication},
  journal = {Theoretical Computer Science}
}

@article {GaSh92,
    AUTHOR =  Gathen # " and V. Shoup",
     TITLE = {Computing {F}robenius maps and factoring polynomials},
   JOURNAL = {Computational Complexity},
    VOLUME = {2},
      YEAR = {1992},
    NUMBER = {3},
     PAGES = {187--224},
}
@article {BrKu78,
	AUTHOR = {Brent, R. P. and Kung, H. T.},
	TITLE = {Fast algorithms for manipulating formal power series},
	JOURNAL = {Journal of the Association for Computing Machinery},
	VOLUME = {25},
	YEAR = {1978},
	NUMBER = {4},
	PAGES = {581--595},
}

@article {KaKiBs88,
    AUTHOR = {Kaminski, M. and Kirkpatrick, D.G. and Bshouty, N.H.},
     TITLE = {Addition requirements for matrix and transposed matrix products},
   JOURNAL = {J. Algorithms},
    VOLUME = {9},
      YEAR = {1988},
    NUMBER = {3},
     PAGES = {354--364},
}
@InProceedings{CaKaYa89,
  author = 	 {Canny, J. and Kaltofen, E. and Lakshman, Y.},
  title = 	 {Solving systems of non-linear polynomial equations faster},
  booktitle =	 {ISSAC'89},
  pages =	 {121--128},
  year =	 1989,
  publisher =	 {ACM}
}
@article {KaVi04,
    AUTHOR = {Kaltofen, E. and Villard, G.},
     TITLE = {On the complexity of computing determinants},
   JOURNAL = j-comp-comp,
  FJOURNAL = {Computational Complexity},
    VOLUME = {13},
      YEAR = {2004},
    NUMBER = {3-4},
     PAGES = {91--130},
      ISSN = {1016-3328},
     CODEN = {CPTCEU},
   MRCLASS = {68W30 (65F40 68Q25 68W20)},
  MRNUMBER = {2120701 (2005m:68263)},
MRREVIEWER = {Alexander I. Barvinok},
       DOI = {10.1007/s00037-004-0185-3},
       URL = {http://dx.doi.org/10.1007/s00037-004-0185-3},
}


@article {ClaMu04,
    AUTHOR = {Clausen, M. and M\"{u}ller, M.},
     TITLE = {Generating fast {F}ourier transforms of solvable groups},
   JOURNAL = {J. Symbolic Comput.},
  FJOURNAL = {Journal of Symbolic Computation},
    VOLUME = {37},
      YEAR = {2004},
    NUMBER = {2},
     PAGES = {137--156},
      ISSN = {0747-7171},
   MRCLASS = {65T50 (20D10)},
  MRNUMBER = {2093229},
MRREVIEWER = {Vasily A. Chernecky},
       DOI = {10.1016/j.jsc.2002.06.006},
       URL = {https://doi.org/10.1016/j.jsc.2002.06.006},
}

@article {Cla89,
    AUTHOR = {Clausen, Michael},
     TITLE = {Fast {F}ourier transforms for metabelian groups},
   JOURNAL = {SIAM J. Comput.},
  FJOURNAL = {SIAM Journal on Computing},
    VOLUME = {18},
      YEAR = {1989},
    NUMBER = {3},
     PAGES = {584--593},
      ISSN = {0097-5397},
   MRCLASS = {94A11 (42A38 65T05)},
  MRNUMBER = {996838},
MRREVIEWER = {Guy Jumarie},
       DOI = {10.1137/0218040},
       URL = {https://doi.org/10.1137/0218040},
}

@article {Rock90,
    AUTHOR = {Rockmore, Daniel},
     TITLE = {Fast {F}ourier analysis for abelian group extensions},
   JOURNAL = {Adv. in Appl. Math.},
  FJOURNAL = {Advances in Applied Mathematics},
    VOLUME = {11},
      YEAR = {1990},
    NUMBER = {2},
     PAGES = {164--204},
      ISSN = {0196-8858},
   MRCLASS = {68Q25 (20C15 22E30)},
  MRNUMBER = {1053228},
MRREVIEWER = {Michael Clausen},
       DOI = {10.1016/0196-8858(90)90008-M},
       URL = {https://doi.org/10.1016/0196-8858(90)90008-M},
}

@article {DiaRock90,
    AUTHOR = {Diaconis, Persi and Rockmore, Daniel},
     TITLE = {Efficient computation of the {F}ourier transform on finite
              groups},
   JOURNAL = {J. Amer. Math. Soc.},
  FJOURNAL = {Journal of the American Mathematical Society},
    VOLUME = {3},
      YEAR = {1990},
    NUMBER = {2},
     PAGES = {297--332},
      ISSN = {0894-0347},
   MRCLASS = {20C40 (20B40 20C30 68Q25)},
  MRNUMBER = {1030655},
MRREVIEWER = {Joos Heintz},
       DOI = {10.2307/1990955},
       URL = {https://doi.org/10.2307/1990955},
}

@article {Beth87,
    AUTHOR = {Beth, Thomas},
     TITLE = {On the computational complexity of the general discrete
              {F}ourier transform},
   JOURNAL = {Theoret. Comput. Sci.},
  FJOURNAL = {Theoretical Computer Science},
    VOLUME = {51},
      YEAR = {1987},
    NUMBER = {3},
     PAGES = {331--339},
      ISSN = {0304-3975},
   MRCLASS = {20C15 (68Q25)},
  MRNUMBER = {909461},
MRREVIEWER = {I. M. Isaacs},
       DOI = {10.1016/0304-3975(87)90041-7},
       URL = {https://doi.org/10.1016/0304-3975(87)90041-7},
}

@article {MaRockWol18,
    AUTHOR = {Maslen, David and Rockmore, Daniel N. and Wolff, Sarah},
     TITLE = {The efficient computation of {F}ourier transforms on
              semisimple algebras},
   JOURNAL = {J. Fourier Anal. Appl.},
  FJOURNAL = {The Journal of Fourier Analysis and Applications},
    VOLUME = {24},
      YEAR = {2018},
    NUMBER = {5},
     PAGES = {1377--1400},
      ISSN = {1069-5869},
   MRCLASS = {43A30 (05E40 20C15)},
  MRNUMBER = {3856233},
       DOI = {10.1007/s00041-017-9555-5},
       URL = {https://doi.org/10.1007/s00041-017-9555-5},
}


@article{Wiedemann86,	
	Author = {Wiedemann, D.},
	title = {Solving sparse linear equations over finite fields},
	Journal = j-IEEE-IT,
	volume = {IT-32},
	Pages = {54--62},
	Year = 1986}


@InProceedings{KaSa91,
  author = 	 {Kaltofen, E. and Saunders, D.},
  title = 	 {On {W}iedemann's method of solving sparse linear systems},
  booktitle =	 {AAECC-9},
  pages =	 {29--38},
  year =	 1991,
  volume =	 539,
  series =	 {LNCS},
  publisher =	 {Springer Verlag}
}

@article{AcCoMa03,
title = "Inversion of two level circulant matrices over $\mathbb{Z}_p$",
journal = "Lin. Alg.  Appl.",
author = "C. J. Accettella and G. M. Del Corso and G. Manzini",
volume = "366",
number = "",
pages = "5 - 23",
year = "2003",
}

>>>>>>> d237189b413ce3fe2b16c91e4ec6daa9d871dbcc
